@article{cch_a,
  title={Reverse Time Migration for Extended Obstacles: Acoustic Waves},
  author={Chen, Junqing and Chen, Zhiming and Huang, Guanghui},
  journal={Inverse Problems},
  volume={29},
  number={8},
  pages={645-648},
  year={2013},
}

@article{cch_e,
  title={Reverse time migration for extended obstacles: Electromagnetic waves},
  author={Chen, Junqing and Chen, Zhiming and Huang, Guanghui},
  journal={Inverse Problems},
  volume={29},
  number={8},
  pages={085005},
  year={2015},
}

@article{ch_e,
  title={Reverse time migration for extended obstacles:Elastic waves},
  author={Chen, Zhiming and Huang, Guang Hui},
  journal={Scientia Sinica},
  volume={29},
  number={8},
  pages={317-322},
  year={2015},
}

@article{ch_ha,
  title={Reverse time migration for reconstructing extended obstacles in the half space},
  author={Chen, Zhiming and Huang, Guanghui},
  journal={Inverse Problems},
  volume={31},
  number={5},
  pages={55007-55025(19)},
  year={2015},
}

@article{ch_pha,
  title={Phaseless Imaging by Reverse Time Migration: Acoustic Waves},
  author={Chen, Zhiming and Huang, Guanghui},
  journal={Mathematics},
  year={2015},
}

@book{bcs,
  title={Mathematics of Multidimensional Seismic Imaging, Migration, and Inversion},
  author={Bleistein, N. and Stockwell, J. W. and Cohen, J. K.},
  pages={B94},
  year={2001},
}

@article{cc14,
  title={A Qualitative Approach to Inverse Scattering Theory},
  author={Cakoni, Fioralba and Colton, David},
  journal={Applied Mathematical Sciences},
  volume={188},
  year={2014},
}

@book{colton-kress,
  title={Inverse acoustic and electromagnetic scattering theory},
  author={Colton, David and Kress, Rainer},
  publisher={Springer-Verlag,},
  pages={1601},
  year={1998},
}

@book{Cakoni2014A,
  title={A Qualitative Approach to Inverse Scattering Theory},
  author={Cakoni, Fioralba and Colton, David},
  publisher={Springer US},
  year={2014},
}
@article{grafakos,
  title={Classical and Modern Fourier Analysis},
  author={Grafakos, Loukas},
  journal={Prentice Hall},
  year={2004},
}

@article{d89,
  title={Structure determination from intensity measurements in scattering experiments},
  author={Devaney, Anthony J},
  journal={Physical review letters},
  volume={62},
  number={20},
  pages={2385},
  year={1989},
  publisher={APS}
}

@article{dbc,
  title={Phaseless imaging with experimental data: facts and challenges.},
  author={D'Urso, M and Belkebir, K and Crocco, L and Isernia, T and Litman, A},
  journal={Journal of the Optical Society of America A},
  volume={25},
  number={1},
  pages={271-81},
  year={2008},
}
@article{fda,
  title={Inversion of phaseless total field data using a two-step strategy based on the iterative multiscaling approach},
  author={Franceschini, Gabriele and Donelli, Massimo and Azaro, Renzo and Massa, Andrea},
  journal={IEEE transactions on geoscience and remote sensing},
  volume={44},
  number={12},
  pages={3527--3539},
  year={2006},
  publisher={IEEE}
}
@article{nmp,
  title={Illumination strategies for intensity-only imaging},
  author={Darwish, M. and Batayneh, M. and Jenkins, J. and Scott, M. and Collier, P. S. and Mcelnay, J. C.},
  journal={Mathematics},
  volume={8},
  number={3},
  pages={139-166},
  year={2014},
}
@article{bv,
  title={Kirchhoff migration without phases},
  author={Bardsley, Patrick and Vasquez, Fernando Guevara},
  journal={Inverse Problems},
  volume={10},
  number={10},
  year={2016},
}

@article{kr,
  title={Inverse obstacle scattering with modulus of the far field pattern as data},
  author={Kress, Rainer and Rundell, William},
  journal={Inverse problems in medical imaging and nondestructive testing (Oberwolfach, 1996)},
  pages={75--92},
  year={1997},
  publisher={Springer}
}

@article{LK2010,
  title={Identification of sound-soft 3D obstacles from phaseless data},
  author={Ivanyshyn, Olha and Kress, Rainer},
  journal={Inverse Problem and Imaing},
  volume={4},
  pages={131--149},
  year={2010}
}
@article{LK2011,
  title={Inverse scattering for surface impedance from phase-less far field data},
  author={Ivanyshyn, Olha and Kress, Rainer},
  journal={Journal of Computational Physics},
  volume={230},
  number={9},
  pages={3443--3452},
  year={2011},
  publisher={Elsevier}
}
@article{cmp,
  title={Array imaging using intensity-only measurements},
  author={Chai, Anwei and Moscoso, Miguel and Papanicolaou, George},
  journal={Inverse Problems},
  volume={27},
  number={1},
  pages={15005-16},
  year={2011},
}
@article{bll,
  title={Numerical solution of an inverse diffraction grating problem from phaseless data},
  author={Bao, Gang and Li, Peijun and Lv, Junliang},
  journal={Journal of the Optical Society of America A Optics Image Science $\&$ Vision},
  volume={30},
  number={3},
  pages={293},
  year={2013},
}
@article{zs07,
  title={True-amplitude, angle-domain, common-image gathers from one-way wave-equation migrations},
  author={Zhang, Yu and Xu, Sheng and Bleistein, Norman and Zhang, Guanquan},
  journal={Geophysics},
  volume={72},
  number={1},
  pages={S49-S58},
  year={2007},
}
@article{zs09,
  title={Practical issues of reverse time migration: true amplitude gathers, noise removal and harmonic-source encoding},
  author={ Zhang, Yu and Sun, James},
  journal={Aseg Extended Abstracts},
  volume={2009},
  number={3},
  pages={397-398},
  year={2009},
}
@article{cg09,
  title={Condition Number Estimates for Combined Potential Boundary Integral Operators in Acoustic Scattering},
  author={Chandler-Wilde, Simon Neil and Graham, Ivan G. and Langdon, Stephen and Lindner, Marko},
  journal={Journal of Integral Equations $\&$ Applications},
  volume={21},
  number={2},
  pages={229-279},
  year={2009},
}
@book{watson,
  title={A treatise on the theory of Bessel functions},
  author={Watson, George Neville},
  year={1995},
  publisher={Cambridge university press}
}
@book{cz2010,
  title={Convergence of the Uniaxial Perfectly Matched Layer Method for Time-Harmonic Scattering Problems in Two-Layered Media},
  author={Chen, Zhiming and Zheng, Weiying},
  publisher={Society for Industrial and Applied Mathematics},
  pages={2158-2185},
  year={2010},
}

@article{ch_cw,
  title={Reverse time migration for reconstructing extended obstacles in planar acoustic waveguides},
  author={Chen, Zhi Ming and Huang, Guang Hui},
  journal={Science China Mathematics},
  volume={58},
  number={9},
  pages={1811-1834},
  year={2015},
}

@article{Arens2011Direct,
  title={Direct and Inverse Medium Scattering in a Three-Dimensional Homogeneous Planar Waveguide},
  author={Arens, Tilo and Lechleiter, Armin},
  journal={Siam Journal on Applied Mathematics},
  volume={71},
  number={3},
  pages={753-772},
  year={2011},
}

@article{Ammari2005Reconstruction,
  title={Reconstruction of a Small Inclusion in a Two-Dimensional Open Waveguide},
  author={Ammari, Habib and Kang, Hyeonbae},
  journal={Siam Journal on Applied Mathematics},
  volume={65},
  number={6},
  pages={2107-2127},
  year={2005},
}

@article{Gomez2009Propagation,
  title={Propagation et retournement temporel des ondes dans des guides d'ondes aléatoires},
  author={Gomez, Christophe},
  journal={Réf},
  year={2009},
}
@article{Gomez2009Wave,
  title={Wave Propagation in Shallow-Water Acoustic Random Waveguides},
  author={Gomez, Christophe},
  journal={Communications in Mathematical Sciences},
  volume={9},
  number={1},
  pages={81-125},
  year={2009},
}

@article{Gomez2015Wave,
  title={Wave Propagation in Underwater Acoustic Waveguides with Rough Boundaries},
  author={Gomez, Christophe},
  journal={Mathematics},
  year={2015},
}
@article{Alonso2013Wave,
  title={Wave propagation in waveguides with random boundaries},
  author={Alonso, Ricardo and Borcea, Liliana and Garnier, Josselin},
  journal={Communications in Mathematical Sciences},
  volume={11},
  number={1},
  pages={233-267},
  year={2013},
}
@article{Fouque2007Wave,
  title={Wave Propagation and Time Reversal in Randomly Layered Media},
  author={Fouque, Jean Pierre and Garnier, Josselin and Papanicolaou, George and S?lna, Knut},
  journal={Stochastic Modelling $\&$ Applied Probability},
  volume={56},
  year={2007},
}

@article{Robert2007Inverse,
  title={Inverse problem for wave propagation in a perturbed layered half-space},
  author={Robert Gilbert and Klaus Hackl and Yongzhi Xu},
  journal={Mathematical and Computer Modelling},
  volume={45},
  number={1–2},
  pages={21-33},
  year={2007},
}
@article{Garnier2012Correlation,
  title={Correlation-based virtual source imaging in strongly scattering random media},
  author={Garnier, Josselin and Papanicolaou, George},
  journal={Inverse Problems},
  volume={28},
  number={28},
  pages={75002-75039(38)},
  year={2012},
}
@article{Borcea2009Filtering,
  title={Filtering deterministic layer effects in imaging [reprint of MR2480120].},
  author={Borcea, L and González, del Cueto, F and Papanicolaou, G and Tsogka, C},
  journal={Siam Review},
  volume={54},
  number={4},
  pages={757-798},
  year={2009},
}

@article{Chandler2009Condition,
  title={Condition Number Estimates for Combined Potential Boundary Integral Operators in Acoustic Scattering},
  author={Chandler-Wilde, Simon Neil and Graham, Ivan G. and Langdon, Stephen and Lindner, Marko},
  journal={Journal of Integral Equations $\&$ Applications},
  volume={21},
  number={2},
  pages={229-279},
  year={2009},
}

@book{Chew1995Waves,
  title={Waves and fields in inhomogeneous media},
  author={Chew, Weng Cho},
  publisher={Van Nostrand Reinhold},
  year={1995},
}

@article{Ciraolo2009A1,
  title={A radiation condition for uniqueness in a wave propagation problem for 2-D open waveguides},
  author={Ciraolo, Giulio and Magnanini, Rolando},
  journal={Mathematical Methods in the Applied Sciences},
  volume={32},
  number={10},
  pages={1183-1206},
  year={2009},
}

@article{Ciraolo2009A2,
  title={A Radiation Condition for the 2-D Helmholtz Equation in Stratified Media},
  author={Ciraolo, Giulio},
  journal={Communications in Partial Differential Equations},
  volume={34},
  number={12},
  pages={1592-1606},
  year={2009},
}
@article{Dhia2009DIFFRACTION,
  title={DIFFRACTION BY A DEFECT IN AN OPEN WAVEGUIDE: A MATHEMATICAL ANALYSIS BASED ON A MODAL RADIATION CONDITION},
  author={Dhia, Bonnet Ben and Dakhia, Ghania and Hazard, Christophe and Chorfi, Lahcène},
  journal={Siam Journal on Applied Mathematics},
  volume={70},
  number={3},
  pages={677-693},
  year={2009},
}

@article{Rellich1943,
  title={Uber das asymptotische Verhalten der L$\ddot{o}$sungen von $\Delta u+\lambda u=0$ in unendlichen Gebieten.},
  author={Rellich, Franz},
  journal={Jahresbericht der Deutschen Mathematiker-Vereinigung},
  pages={57-65},
  year={1943},
}

@article{Magnanini2000Wave,
  title={Wave Propagation in a 2-D Optical Waveguide},
  author={Magnanini, Rolando and Santosa, Fadil},
  journal={Siam Journal on Applied Mathematics},
  volume={61},
  number={4},
  pages={1237-1252},
  year={2000},
}

@article{Hazard2009A,
  title={A distribution framework for the generalized Fourier transform associated with a Sturm--Liouville operator},
  author={Hazard, Christophe},
  journal={Functional Analysis},
  year={2009},
}

@article{Arens2010Variational,
  title={Variational Formulations for Scattering in a 3-Dimensional Acoustic Waveguide},
  author={Arens, Tilo and Gintides, Drossos and Lechleiter, Armin},
  journal={Mathematical Methods in the Applied Sciences},
  volume={31},
  number={7},
  pages={821-847},
  year={2010},
}



@article{K1988On,
  title={On the principles of limiting absorption and limit amplitude for a class of locally perturbed waveguides.
  Part 1: Time-independent theory},
  author={K. Morgenrother and P. Werner},
  journal={Mathematical Methods in the Applied Sciences},
  volume={10},
  number={2},
  pages={125–144},
  year={1988},
}

@article{K2010On,
  title={On the principles of limiting absorption and limit amplitude for a class of locally perturbed waveguides.
   Part 2: Time-dependent theory},
  author={K. Morgenrother and P. Werner},
  journal={Mathematical Methods in the Applied Sciences},
  volume={11},
  number={1},
  pages={1-25},
  year={2010},
}
@article{Xu1990The,
  title={The propagating solutions and far-field patterns for acoustic harmonic waves in a finite depth ocean},
  author={Xu, Yongzhi},
  journal={Applicable Analysis},
  volume={35},
  number={1-4},
  pages={129-151},
  year={1990},
}
@article{Linton2013Embedded,
  title={Embedded trapped modes in water waves and acoustics},
  author={Linton, C. M. and Mciver, P.},
  journal={Wave Motion},
  volume={45},
  number={1},
  pages={16-29},
  year={2013},
}

@article{Jerez2012Asymptotics,
  title={Asymptotics for Helmholtz and Maxwell Solutions in 3-D Open Waveguides},
  author={Jerez-Hanckes, Carlos and Nedelec, Jean Claude},
  journal={Communications in Computational Physics},
  volume={11},
  number={2},
  pages={629-646},
  year={2012},
}

@article{Littman1982Spectral,
  title={Spectral properties of operators arising in acoustic wave propagation in an ocean of variable depth},
  author={Littman, Walter},
  journal={Applied Mathematics $\&$ Optimization},
  volume={8},
  number={1},
  pages={189-196},
  year={1982},
}

@article{Weder1988Absence,
  title={Absence of Eigenvalues of the acoustic propagator in deformed wave guides},
  author={Weder, R.},
  journal={Rocky Mountain Journal of Mathematics},
  volume={18},
  number={18},
  pages={495-504},
  year={1988},
}

@article{Hazard2014On,
  title={On the absence of trapped modes in locally perturbed open waveguides},
  author={Hazard, Christophe},
  journal={Ima Journal of Applied Mathematics},
  volume={80},
  number={4},
  pages={1049},
  year={2014},
}

@article{Gilbert2007Inverse,
  title={Inverse problem for wave propagation in a perturbed layered half-space},
  author={Gilbert, Robert and Hackl, Klaus and Xu, Yongzhi},
  journal={Mathematical $\&$ Computer Modelling},
  volume={45},
  number={1–2},
  pages={21-33},
  year={2007},
}
@article{Bao2013Reconstruction,
  title={Reconstruction of a defect in an open waveguide},
  author={Gang, Bao and Faouzi, Triki},
  journal={Science China Mathematics},
  volume={56},
  number={12},
  pages={2539-2548},
  year={2013},
}
@article{Bao2005Inverse,
  title={Inverse Medium Scattering Problems for Electromagnetic Waves},
  author={Bao, Gang},
  journal={Siam Journal on Applied Mathematics},
  volume={65},
  number={6},
  pages={2049-2066},
  year={2005},
}
@article{Bao2010Error,
  title={Error Estimates for the Recursive Linearization of Inverse Medium Problems},
  author={Bao, Gang and Triki, Faouzi},
  journal={计算数学(英文版)},
  volume={28},
  number={6},
  pages={725-744},
  year={2010},
}
@article{Bao2011An,
  title={An inverse source problem with multiple frequency data},
  author={Bao, Gang and Lin, Junshan and Triki, Faouzi},
  journal={Comptes rendus - Mathématique},
  volume={349},
  number={15},
  pages={855-859},
  year={2011},
}
@book{Weder1991Spectral,
  title={Spectral and Scattering Theory for Wave Propagation in Perturbed Stratified Media},
  author={Weder, Ricardo},
  publisher={Springer New York},
  pages={137-167},
  year={1991},
}
@article{Wilcox1976Spectral,
  title={Spectral analysis of the Pekeris operator in the theory of acoustic wave propagation in shallow water},
  author={Wilcox, Calvin},
  journal={Archive for Rational Mechanics $\&$ Analysis},
  volume={60},
  number={3},
  pages={259-300},
  year={1976},
}
@book{Wilcox1984Sound,
  title={Sound Propagation in Stratified Fluids},
  author={Wilcox, Calvin H.},
  publisher={Springer-Verlag,},
  pages={495-9},
  year={1984},
}
@article{Debi1992Spectral,
  title={Spectral analysis for optical fibres and stratifled fluids II: Absence of Eigenvalues*},
  author={Debievre, S. and Pravica, D. W.},
  journal={Communications in Partial Differential Equations},
  volume={17},
  number={1-2},
  pages={69-97},
  year={1992},
}
@article{Ben1982On,
  title={On the Uniqueness of L  2 -solutions in half-space of certain differential equations},
  author={Ben-Artzi, Matania and Devinatz, Allen},
  journal={Applied Mathematics $\&$ Optimization},
  volume={9},
  number={1},
  pages={97-109},
  year={1982},
}

@article{Ben1989Acoustic,
  title={Acoustic Waves in Perturbed Stratified Fluids: A Spectral Theory},
  author={Ben-Artzi, Matania and Dermenjian, Yves and Guillot, Jean Claude},
  journal={Communications in Partial Differential Equations},
  volume={14},
  number={4},
  pages={479-517},
  year={1989},
}
@article{Ben2000Analyticity,
  title={Analyticity properties and estimates of resolvent kernels near thresholds},
  author={Ben-Artzi, M and Guillot, J. C. and Dermenjian, Y},
  journal={Communications in Partial Differential Equations},
  volume={25},
  number={9-10},
  pages={1753-1770},
  year={2000},
}

@article{Debi1991Spectral,
  title={Spectral analysis for optical fibres and stratified fluids I: The limiting absorption principle},
  author={Debievre, S. and Pravica, D. W},
  journal={Journal of Functional Analysis},
  volume={98},
  number={2},
  pages={404-436},
  year={1991},
}

@article{Katsnelson2012Fundamentals,
  title={Fundamentals of Shallow Water Acoustics},
  author={Katsnelson, Boris and Petnikov, Valery and Lynch, James},
  journal={Underwater Acoustics},
  pages={145-191},
  year={2012},
}
@book{Kuperman2011Computational,
  title={Computational Ocean Acoustics},
  author={Kuperman, William A. and Kuperman, William A. and Kuperman, William A.},
  publisher={Springer New York},
  pages={1-64},
  year={2011},
}
@book{Desanto1992Scalar,
  title={Scalar Wave Theory},
  author={Desanto, John A.},
  publisher={Springer Berlin Heidelberg},
  pages={1-31},
  year={1992},
}

@article{Ammari2003Resonances,
  title={Resonances for Microstrip Transmission Lines},
  author={Ammari, Habib},
  journal={Siam Journal on Applied Mathematics},
  volume={64},
  number={2},
  pages={601-636},
  year={2003},
}

@article{Ammari2005A,
  title={A MUSIC Algorithm for Locating Small Inclusions Buried in a Half-Space from the Scattering Amplitude at a Fixed Frequency},
  author={Ammari, Habib and Iakovleva, Ekaterina and Lesselier, Dominique},
  journal={Siam Journal on Multiscale Modeling $\&$ Simulation},
  volume={3},
  number={3},
  pages={597-628},
  year={2005},
}

@book{Mclean2000Strongly,
  title={Strongly elliptic systems and boundary integral equations /},
  author={Mclean, William},
  publisher={Cambridge University Press,},
  year={2000},
}
@article{Bo1998Acoustic,
  title={Acoustic Scattering by an Inhomogeneous Layer on a Rigid Plate},
  author={Bo, Zhang and Chandler-Wilde, Simon N.},
  journal={Siam Journal on Applied Mathematics},
  volume={58},
  number={6},
  pages={1931-1950},
  year={1998},
}
@article{Chandler1996Scattering,
  title={Scattering by Rough Surfaces: the Dirichlet Problem for the Helmholtz Equation in a Non-locally Perturbed Half-plane},
  author={Chandler-Wilde, Simon N. and Ross, Christopher R.},
  journal={Mathematical Methods in the Applied Sciences},
  volume={19},
  number={12},
  pages={959–976},
  year={1996},
}
@article{Chandler1997The,
  title={The Impedance Boundary Value Problem for the Helmholtz Equation in a Half-Plane},
  author={Chandler-Wilde, S. N.},
  journal={Mathematical Methods in the Applied Sciences},
  volume={20},
  number={10},
  pages={813–840},
  year={1997},
}
@book{Leis1986Initial,
  title={Initial Boundary Value Problems in Mathematical Physics},
  author={Leis, Rolf},
  publisher={J. Wiley},
  pages={354-355},
  year={1986},
}
@article{Melrose1985Near,
	title={Near peak scattering and the corrected Kirchhoff approximation for a convex obstacle},
	author={Melrose, Richard B and Taylor, Michael E},
	journal={Advances in Mathematics},
	volume={55},
	number={3},
	pages={242-315},
	year={1985},
}
@article{Ammari2013The,
	title={The Concept of Heterogeneous Scattering Coefficients and Its Application in Inverse Medium Scattering},
	author={Ammari, Habib and Chow, Yat Tin and Zou, Jun},
	journal={Mathematics},
	volume={46},
	year={2013},
}
@article{Ammari2015Super,
	title={Super-resolution in high contrast media},
	author={Ammari, Habib and Zhang, Hai},
	journal={Proceedings of the Royal Society A Mathematical Physical $\&$ Engineering Sciences},
	volume={471},
	number={2178},
	pages={469 - 472},
	year={2015},
}
@book{2016Phased,
	title={Phased and Phaseless Domain Reconstructions in the Inverse Scattering Problem via Scattering Coefficients},
	publisher={Society for Industrial and Applied Mathematics},
	year={2016},
}
@article{Ammari2013Enhancement,
	title={Enhancement of near-cloaking for the full Maxwell equations},
	author={Ammari, Habib and Kang, Hyeonbae and Lee, Hyundae and Lim, Mikyoung and Yu, Sanghyeon},
	journal={Siam Journal on Applied Mathematics},
	volume={73},
	number={6},
	pages={2055-2076},
	year={2013},
}
@article{Hirst2013Enhancement,
	title={Enhancement of Near-Cloaking. Part II: The Helmholtz Equation},
	author={Hirst, K. and Lockheart, A. and Ogden, J. E.},
	journal={Communications in Mathematical Physics},
	volume={317},
	number={2},
	pages={485-502},
	year={2013},
}
@article{Abbas2016Elastic,
	title={Elastic Scattering Coefficients and Enhancement of Nearly Elastic Cloaking},
	author={Abbas, Tasawar and Ammari, Habib and Hu, Guanghui and Wahab, Abdul and Ye, Jong Chul},
	journal={Journal of Elasticity},
	volume={128},
	number={2},
	pages={203-243},
	year={2016},
}
@phdthesis{thesis_guanghui,
	title={逆散射问题的逆时偏移方法},
	author={黄光辉},
	school={中国科学院大学},
	year={2014},
}
@article{Ciraolo2008NON,
	title={NON-RECTILINEAR WAVEGUIDES: ANALYTICAL AND NUMERICAL RESULTS BASED ON THE GREEN'S FUNCTION},
	author={Ciraolo, Giulio},
	year={2008},
}