%---------------------------------------------------------------------------%
%-                                                                         -%
%-                             Bibliography                                -%
%-                                                                         -%
%---------------------------------------------------------------------------%

}
@book{Kuroda,
	title={An Introduction to Scattering Theory.},
	author={Kuroda, S. T},
	year={2003},
}
@book{anomaly,
	title={Reconstruction of Small Inhomogeneities from Boundary Measurements},
	author={Ammari, Habib and Kang, Hyeonbae},
	publisher={Springer,},
	pages={263-264},
	year={2004},
}
@book{achenbach1980,
	title={Wave Propagation in Elastic Solids},
	author={Achenbach, Jan},
	publisher={North-Holland},
	pages={544},
	year={1980},
}
@article{lecture,
	title={Direct Reconstruction Methods in Ultrasound Imaging of Small Anomalies},
	author={Ammari, Habib and Garnier, Josselin and Jugnon, Vincent and Kang, Hyeonbae},
	volume={2035},
	number={2},
	pages={31-55},
	year={2012},
}
@book{ber84,
	title={Seismic migration : imaging of acoustic energy by wave field extrapolation},
	author={Author, A. J. Berkhout, and Y.-H. Pao, Reviewer},
	publisher={Elsevier Scientific Pub. Co},
	pages={682-683},
	year={1980},
}
@book{bcs,
	title={Multidimensional Seismic Inversion},
	author={Bleistein, N. and Jr, J. W. Stockwell and Cohen, J. K.},
	publisher={Springer New York},
	pages={1-23},
	year={2001},
}
@book{bleistein2013mathematics,
	title={Mathematics of multidimensional seismic imaging, migration, and inversion},
	author={Bleistein, Norman and Cohen, Jack K and John Jr, W and others},
	volume={13},
	year={2013},
	publisher={Springer Science \& Business Media}
}
@article{BHV,
	title={A direct impedance tomography algorithm for locating small inhomogeneities},
	author={Br¨¹hl, Martin and Hanke, Martin and Vogelius, Michael S.},
	journal={Numerische Mathematik},
	volume={93},
	number={4},
	pages={635-654},
	year={2003},
}
@article{ccm01,
	title={The Direct and Inverse Scattering Problems for Partially Coated Obstacles},
	author={Cakoni, F and Colton, D and Monk, P},
	journal={Inverse Problems},
	volume={17},
	number={6},
	pages={1997-2015(19)},
	year={2013},
}
@book{cla85,
	title={Imaging the earth's interior},
	author={Claerbout, Jon F.},
	publisher={Blackwell Scientific},
	pages={217-217},
	year={1985},
}
@book{colton-kress,
	title={Inverse acoustic and electromagnetic scattering theory},
	author={Colton, David and Kress, Rainer},
	volume={93},
	year={2012},
	publisher={Springer Science and Business Media}
}
@article{arens1999,
	title={A New Integral Equation Formulation for the Scattering of Plane Elastic Waves by Diffraction Gratings},
	author={Arens, T.},
	journal={Journal of Integral Equations and Applications},
	volume={11},
	number={3},
	pages={232¨C245},
	year={1999},
}
@article{nedelec2011,
	title={The outgoing time-harmonic elastic wave in a half-plane with free boundary},
	author={Dur{\'a}n, Mario and Muga, Ignacio and N{\'e}d{\'e}lec, Jean-Claude},
	journal={SIAM Journal on Applied Mathematics},
	volume={71},
	number={2},
	pages={443--464},
	year={2011},
	publisher={SIAM}
}
@article{sini2004,
	title={Absence of positive eigenvalues for the linearized elasticity system},
	author={Sini, Mourad},
	journal={Integral Equations and Operator Theory},
	volume={49},
	number={2},
	pages={255--277},
	year={2004},
	publisher={Springer}
}
@article{Yves1988,
	title={Scattering of elastic waves in a perturbed isotropic half space with a free boundary. The limiting absorption principle},
	author={Dermenjian, Yves and Guillot, Jean Claude},
	journal={Mathematical Methods in the Applied Sciences},
	volume={10},
	number={2},
	pages={87¨C124},
	year={1988},
}
@phdthesis{wilcox1975,
	title={Scattering Theory for the d'Alembert Equation in Exterior Domains},
	author={Wilcox, Calvin H.},
	school={Springer Berlin Heidelberg},
	year={1975},
}
@book{grafakos,
	title={Classical and modern Fourier analysis},
	author={Grafakos, Loukas},
	year={2004},
	publisher={Prentice Hall}
}
@book{leis,
	title={Initial Boundary Value Problems in Mathematical Physics},
	author={Leis, Rolf},
	publisher={J. Wiley},
	pages={354-355},
	year={1986},
}
@article{RTMhalf_aco,
	title={Reverse time migration for reconstructing extended obstacles in the half space},
	author={Chen, Zhiming and Huang, Guanghui},
	journal={Inverse Problems},
	volume={31},
	number={5},
	pages={055007},
	year={2015},
	publisher={IOP Publishing}
}
@article{chen2013reverse_elec,
	title={Reverse time migration for extended obstacles: electromagnetic waves},
	author={Chen, Junqing and Chen, Zhiming and Huang, Guanghui},
	journal={Inverse Problems},
	volume={29},
	number={8},
	pages={085006},
	year={2013},
	publisher={IOP Publishing}
}
@article{chen2015reverse_elas,
	title={Reverse time migration for extended obstacles: Elastic waves},
	author={CHEN, Zhiming and HUANG, GuangHui},
	journal={SCIENTIA SINICA Mathematica},
	volume={45},
	number={8},
	pages={1103--1114},
	year={2015},
	publisher={Science China Press}
}
@article{chen2013reverse_acou,
	title={Reverse time migration for extended obstacles: acoustic waves},
	author={Chen, Junqing and Chen, Zhiming and Huang, Guanghui},
	journal={Inverse Problems},
	volume={29},
	number={8},
	pages={085005},
	year={2013},
	publisher={IOP Publishing}
}
@article{chen2015reverse_planar,
	title={Reverse time migration for reconstructing extended obstacles in planar acoustic waveguides},
	author={Chen, Zhiming and Huang, GuangHui},
	journal={Science China Mathematics},
	volume={58},
	number={9},
	pages={1811--1834},
	year={2015},
	publisher={Springer}
}
@book{ammari2013mathematical,
	title={Mathematical and statistical methods for multistatic imaging},
	author={Ammari, Habib and Garnier, Josselin and Jing, Wenjia and Kang, Hyeonbae and Lim, Mikyoung and S{\o}lna, Knut and Wang, Han},
	volume={2098},
	year={2013},
	publisher={Springer}
}
@book{Ahlfors1979Complex,
	title={Complex Analysis: An introduction to the theory of analytic functions of one complex variable},
	author={Ahlfors, Lars V},
	publisher={McGraw-Hill},
	pages={155-173},
	year={1979},
}
@article{ela_reverse,
	title={Elastic reverse-time migration},
	author={Chang, Wen Fong},
	journal={Geophysical Prospecting},
	volume={37},
	number={3},
	pages={243-256},
	year={1987},
}
@article{Zhang08,
	title={Practical issues of reverse time migration: true amplitude gathers, noise removal and harmonic-source encoding},
	author={Zhang, Yu. and Sun, James.},
	journal={Aseg Extended Abstracts},
	volume={2009},
	number={3},
	pages={397-398},
	year={2008},
}
@inproceedings{zhang2009,
	title={Practical issues of reverse time migration: True amplitude gathers, noise removal and harmonic-source encoding},
	author={Zhang, Yu and Sun, James},
	booktitle={Beijing International Geophysical Conference and Exposition 2009: Beijing 2009 International Geophysical Conference and Exposition, Beijing, China, 24--27 April 2009},
	pages={204--204},
	year={2009},
	organization={Society of Exploration Geophysicists}
}
@article{Zhang2007,
	title={True-amplitude, angle-domain, common-image gathers from one-way wave-equation migrations},
	author={Zhang, Yu and Xu, Sheng and Bleistein, Norman and Zhang, Guanquan},
	journal={Geophysics},
	volume={72},
	number={1},
	pages={S49-S58},
	year={2007},
}
@book{Harris2001Linear,
	title={Linear elastic waves},
	author={Harris, Johng.},
	publisher={Cambridge University Press},
	pages={B26},
	year={2001},
}
@article{Guzina2006,
	title={A Radiation Condition for Layered Elastic Media},
	author={Madyarov, Andrew I. and Guzina, Bojan B.},
	journal={Journal of Elasticity},
	volume={82},
	number={1},
	pages={73-98},
	year={2006},
}
@book{Evans2010,
	title={Partial differential equations. 2nd ed},
	author={Evans, Lawrence C},
	publisher={Marcel Dekker},
	pages={xxii+749},
	year={2010},
}
}
@book{Wong_Asymptotic,
	title={Asymptotic approximations of integrals},
	author={Wong, Roderick},
	year={2001},
	publisher={SIAM}
}
@article{claerbout1985imaging,
	title={Imaging the earth's interior},
	author={Claerbout, Jon F},
	year={1985},
	publisher={Blackwell scientific publications Oxford}
}
@book{bleistein2013mathematics,
	title={Mathematics of multidimensional seismic imaging, migration, and inversion},
	author={Bleistein, Norman and Cohen, Jack K and John Jr, W and others},
	volume={13},
	year={2013},
	publisher={Springer Science \& Business Media}
}
@book{berkhout2012seismic,
	title={Seismic migration: Imaging of acoustic energy by wave field extrapolation},
	author={Berkhout, Augustinus Johannes},
	volume={12},
	year={2012},
	publisher={Elsevier}
}
@article{chang1987elastic,
	title={Elastic reverse-time migration},
	author={Chang, Wen-Fong and McMechan, George A},
	journal={Geophysics},
	volume={52},
	number={10},
	pages={1365--1375},
	year={1987},
	publisher={Society of Exploration Geophysicists}
}
@article{baysal1983reverse,
	title={Reverse time migration},
	author={Baysal, Edip and Kosloff, Dan D and Sherwood, John WC},
	journal={Geophysics},
	volume={48},
	number={11},
	pages={1514--1524},
	year={1983},
	publisher={Society of Exploration Geophysicists}
}
@book{ku63,
	title={Progress in solid mechanics. 3. Dynamical problems in elasticity},
	author={Kupradze, Viktor D},
	year={1963},
	publisher={North-Holland Publishing Company}
}
@article{chung2012implementation,
	title={Implementation of elastic reverse-time migration using wavefield separation in the frequency domain},
	author={Chung, Wookeen and Pyun, Sukjoon and Bae, Ho Seuk and Shin, Changsoo and Marfurt, Kurt J},
	journal={Geophysical Journal International},
	volume={189},
	number={3},
	pages={1611--1625},
	year={2012},
	publisher={Blackwell Publishing Ltd Oxford, UK}
}
@misc{denli2008elastic,
	title={Elastic-wave reverse-time migration with a wavefield-separation imaging condition: 78th Annual International Meeting, SEG, Expanded Abstracts, 2346--2350},
	author={Denli, H and Huang, L},
	year={2008}
}
@article{Morassi2001STRONG,
	title={STRONG UNIQUE CONTINUATION FOR THE LAMÉ SYSTEM OF ELASTICITY},
	author={Morassi, Antonino},
	journal={Communications in Partial Differential Equations},
	volume={26},
	number={9-10},
	pages={1787-1810},
	year={2001},
}
@article{rellich1943über,
	title={Über das asymptotische Verhalten der Lösungen von $\Delta u+\lambda u=0 $ in unendlichen Gebieten.},
	author={Rellich, Franz},
	journal={Jahresbericht Der Deutschen Mathematiker-vereinigung},
	volume={53},
	pages={57--65},
	year={1943}}
@book{aki2002quantitative,
  title={Quantitative seismology},
  author={Aki, Keiiti and Richards, Paul G},
  year={2002}
}
@article{cxz2016,
  title={Convergence of the PML method for elastic wave scattering problems},
  author={Chen, Zhiming and Xiang, Xueshuang and Zhang, Xiaohui},
  journal={Mathematics of Computation},
  volume={85},
  number={302},
  pages={2687--2714},
  year={2016}
}
@article{melrose1985near,
	title={Near peak scattering and the corrected Kirchhoff approximation for a convex obstacle},
	author={Melrose, Richard B and Taylor, Michael E},
	journal={Advances in Mathematics},
	volume={55},
	number={3},
	pages={242--315},
	year={1985},
	publisher={Elsevier}
}
@book{hor,
	title={The analysis of linear partial differential operators, I},
	author={Hormander}
	year={1983},
}
@book{landau
	title={Theory of Elasticity}
	author={Landar L D and Lifshitz EM}
	year={1986}
}
@article{bonnet2005inverse,
	title={Inverse problems in elasticity},
	author={Bonnet, Marc and Constantinescu, Andrei},
	journal={Inverse problems},
	volume={21},
	number={2},
	pages={R1},
	year={2005},
	publisher={IOP Publishing}
}
@article{bao2018inverse,
	title={Inverse source problems in elastodynamics},
	author={Bao, Gang and Hu, Guanghui and Kian, Yavar and Yin, Tao},
	journal={Inverse Problems},
	volume={34},
	number={4},
	pages={045009},
	year={2018},
	publisher={IOP Publishing}
}
@article{liu2019near,
	title={Near-field imaging of an unbounded elastic rough surface with a direct imaging method},
	author={Liu, Xiaoli and Zhang, Bo and Zhang, Haiwen},
	journal={SIAM Journal on Applied Mathematics},
	volume={79},
	number={1},
	pages={153--176},
	year={2019},
	publisher={SIAM}
}
@article{grant1965interpretation,
	title={Interpretation theory in applied geophysics},
	author={Grant, Fraser S and West, Gordon Fox},
	year={1965},
	publisher={McGraw-Hill}
}
@article{bramble2008note,
	title={A note on the existence and uniqueness of solutions of frequency domain elastic wave problems: A priori estimates in H1},
	author={Bramble, James H and Pasciak, Joseph E},
	journal={Journal of Mathematical Analysis and Applications},
	volume={345},
	number={1},
	pages={396--404},
	year={2008},
	publisher={Elsevier}
}
@article{chaillat2014new,
	title={A new Fast Multipole formulation for the elastodynamic half-space Greenʼs tensor},
	author={Chaillat, St{\'e}phanie and Bonnet, Marc},
	journal={Journal of Computational Physics},
	volume={258},
	pages={787--808},
	year={2014},
	publisher={Elsevier}
}
@book{nedelec2001acoustic,
	title={Acoustic and electromagnetic equations: integral representations for harmonic problems},
	author={N{\'e}d{\'e}lec, Jean-Claude},
	volume={144},
	year={2001},
	publisher={Springer Science \& Business Media}
}
@misc{kupradze1976three,
	title={Three-dimensional problems of the mathematical theory of elasticity and thermoelasticity},
	author={Kupradze, VD and Gegelia, TG and Basheleishvili, MO and Burchuladze, To V},
	year={1976},
	publisher={Moscow Nauka}
}
@article{arens2001uniqueness,
	title={Uniqueness for elastic wave scattering by rough surfaces},
	author={Arens, T},
	journal={SIAM Journal on Mathematical Analysis},
	volume={33},
	number={2},
	pages={461--476},
	year={2001},
	publisher={SIAM}
}
@article{arens2002existence,
	title={Existence of solution in elastic wave scattering by unbounded rough surfaces},
	author={Arens, T},
	journal={Mathematical methods in the applied sciences},
	volume={25},
	number={6},
	pages={507--528},
	year={2002},
	publisher={Wiley Online Library}
}
@article{charalambopoulos2002radiation,
	title={Radiation conditions for rough surfaces in linear elasticity},
	author={Charalambopoulos, A and Gintides, D and Kiriaki, K},
	journal={Quarterly Journal of Mechanics and Applied Mathematics},
	volume={55},
	number={3},
	pages={421--441},
	year={2002},
	publisher={OUP}
}
@article{alem2003theoreme,
	title={Th{\'e}or{\`e}me d'unicit{\'e} pour un probl{\`e}me d'ondes {\'e}lastiques},
	author={Alem, Le{\i}̈la and Chorfi, Lahc{\`e}ne},
	journal={Comptes Rendus Mathematique},
	volume={336},
	number={6},
	pages={525--530},
	year={2003},
	publisher={Elsevier}
}
@article{madyarov2006radiation,
	title={A radiation condition for layered elastic media},
	author={Madyarov, Andrew I and Guzina, Bojan B},
	journal={Journal of Elasticity},
	volume={82},
	number={1},
	pages={73--98},
	year={2006},
	publisher={Springer}
}
%---------------------------------------------------------------------------%
