@book{colton-kress,
  title={Inverse acoustic and electromagnetic scattering theory},
  author={Colton, David and Kress, Rainer},
  publisher={Springer-Verlag,},
  pages={1601},
  year={1998},
}
